<record><leader>00000cas a22000007a 4500</leader><controlfield tag="001">18319190</controlfield><controlfield tag="008">880808d19781990vauwn ne     s0   a0eng d</controlfield><datafield ind1=" " ind2=" " tag="010"><subfield code="a">sn2002061992</subfield></datafield><datafield ind1=" " ind2=" " tag="040"><subfield code="a">VPI</subfield><subfield code="b">eng</subfield><subfield code="c">VPI</subfield><subfield code="d">OCL</subfield><subfield code="d">NVK</subfield><subfield code="d">OCLCQ</subfield><subfield code="d">OCLCF</subfield><subfield code="d">OCLCO</subfield><subfield code="d">OCLCA</subfield></datafield><datafield ind1="1" ind2=" " tag="029"><subfield code="a">AU@</subfield><subfield code="b">000024045085</subfield></datafield><datafield ind1=" " ind2=" " tag="042"><subfield code="a">msc</subfield></datafield><datafield ind1=" " ind2=" " tag="043"><subfield code="a">n-us-va</subfield></datafield><datafield ind1=" " ind2=" " tag="090"><subfield code="a">LD5655.A3</subfield><subfield code="b">V49</subfield></datafield><datafield ind1="0" ind2="0" tag="245"><subfield code="a">Virginia Tech spectrum.</subfield></datafield><datafield ind1=" " ind2=" " tag="260"><subfield code="a">[Blacksburg, Va. :</subfield><subfield code="b">Virginia Polytechnic Institute and State University],</subfield><subfield code="c">1978-1990]</subfield></datafield><datafield ind1=" " ind2=" " tag="300"><subfield code="a">13 v. :</subfield><subfield code="b">ill. ;</subfield><subfield code="c">36-41 cm.</subfield></datafield><datafield ind1=" " ind2=" " tag="310"><subfield code="a">Weekly during academic year (with the exception of certain holidays and periodically during the summer)</subfield></datafield><datafield ind1="0" ind2=" " tag="362"><subfield code="a">Vol. 1, no. 1 (Thur., Nov. 9, 1978)-v. 13, no. 2 (Thur., Sept. 6, 1990).</subfield></datafield><datafield ind1=" " ind2=" " tag="500"><subfield code="a">Title from caption.</subfield></datafield><datafield ind1=" " ind2=" " tag="515"><subfield code="a">Numerous repetitions in numbering.</subfield></datafield><datafield ind1=" " ind2=" " tag="525"><subfield code="a">Special issues and/or supplements accompany some issues.</subfield></datafield><datafield ind1=" " ind2=" " tag="580"><subfield code="a">Supersedes: Daily bulletin (Virginia Polytechnic Institute and State University), Weekly calendar (Blacksburg, Va.), and On campus (Blacksburg, Va.).</subfield></datafield><datafield ind1="2" ind2="0" tag="610"><subfield code="a">Virginia Polytechnic Institute and State University</subfield><subfield code="v">Newspapers.</subfield></datafield><datafield ind1=" " ind2="0" tag="650"><subfield code="a">Universities and colleges</subfield><subfield code="z">Virginia</subfield><subfield code="z">Blacksburg</subfield><subfield code="v">Newspapers.</subfield></datafield><datafield ind1=" " ind2="7" tag="655"><subfield code="a">Newspapers.</subfield><subfield code="2">fast</subfield><subfield code="0">(OCoLC)fst01423814</subfield></datafield><datafield ind1="2" ind2="7" tag="610"><subfield code="a">Virginia Polytechnic Institute and State University.</subfield><subfield code="2">fast</subfield><subfield code="0">(OCoLC)fst00549617</subfield></datafield><datafield ind1=" " ind2="7" tag="650"><subfield code="a">Universities and colleges.</subfield><subfield code="2">fast</subfield><subfield code="0">(OCoLC)fst01161597</subfield></datafield><datafield ind1=" " ind2="7" tag="651"><subfield code="a">Virginia</subfield><subfield code="z">Blacksburg.</subfield><subfield code="2">fast</subfield><subfield code="0">(OCoLC)fst01204779</subfield></datafield><datafield ind1="2" ind2=" " tag="710"><subfield code="a">Virginia Polytechnic Institute and State University.</subfield></datafield><datafield ind1=" " ind2=" " tag="752"><subfield code="a">United States</subfield><subfield code="b">Virginia</subfield><subfield code="c">Montgomery</subfield><subfield code="d">Blacksburg.</subfield></datafield><datafield ind1="1" ind2="0" tag="780"><subfield code="t">Daily bulletin (Virginia Polytechnic Institute and State University)</subfield><subfield code="w">(OCoLC)18319537</subfield></datafield><datafield ind1="1" ind2="0" tag="780"><subfield code="t">Weekly calendar (Blacksburg, Va.)</subfield><subfield code="w">(OCoLC)18328908</subfield></datafield><datafield ind1="1" ind2="0" tag="780"><subfield code="t">On campus (Blacksburg, Va.)</subfield><subfield code="w">(OCoLC)5980999</subfield></datafield><datafield ind1="0" ind2="0" tag="785"><subfield code="t">Spectrum (Blacksburg, Va.)</subfield><subfield code="w">(OCoLC)31627648</subfield></datafield></record>